<record><leader>00000cas a2200000 a 4500</leader><controlfield tag="001">9904235</controlfield><controlfield tag="008">830913d18391855nyuwr ne      0    0eng c</controlfield><datafield ind1=" " ind2=" " tag="010"><subfield code="a">sn 83031525 </subfield></datafield><datafield ind1=" " ind2=" " tag="040"><subfield code="a">NPU</subfield><subfield code="b">eng</subfield><subfield code="c">NPU</subfield><subfield code="d">NPX</subfield><subfield code="d">NYS</subfield><subfield code="d">OCL</subfield><subfield code="d">NYS</subfield><subfield code="d">OCLCF</subfield><subfield code="d">OCLCO</subfield><subfield code="d">SYB</subfield></datafield><datafield ind1=" " ind2=" " tag="042"><subfield code="a">pcc</subfield></datafield><datafield ind1="0" ind2=" " tag="130"><subfield code="a">Wayne County Whig (Lyons, N.Y.)</subfield></datafield><datafield ind1="0" ind2="0" tag="245"><subfield code="a">Wayne County Whig.</subfield></datafield><datafield ind1=" " ind2=" " tag="260"><subfield code="a">Lyons, N.Y. :</subfield><subfield code="b">W.N. Cole,</subfield><subfield code="c">1839-1855.</subfield></datafield><datafield ind1=" " ind2=" " tag="300"><subfield code="a">18 v. ;</subfield><subfield code="c">56 cm.</subfield></datafield><datafield ind1=" " ind2=" " tag="310"><subfield code="a">Weekly</subfield></datafield><datafield ind1="0" ind2=" " tag="362"><subfield code="a">Vol. 1, no. 1 (Aug. 30, 1839)-v. 18, no. 916 (Sept. 28, 1855).</subfield></datafield><datafield ind1=" " ind2=" " tag="525"><subfield code="a">Extra edition published Mar. 10, 1841, containing the inaugural address of President Willam Henry Harrison as well as items of local interest.</subfield></datafield><datafield ind1=" " ind2="0" tag="651"><subfield code="a">Lyons (N.Y.)</subfield><subfield code="v">Newspapers.</subfield></datafield><datafield ind1=" " ind2="7" tag="651"><subfield code="a">New York (State)</subfield><subfield code="z">Lyons.</subfield><subfield code="2">fast</subfield><subfield code="0">(OCoLC)fst01216445</subfield></datafield><datafield ind1=" " ind2="7" tag="655"><subfield code="a">Newspapers.</subfield><subfield code="2">fast</subfield><subfield code="0">(OCoLC)fst01423814</subfield></datafield><datafield ind1=" " ind2=" " tag="752"><subfield code="a">United States</subfield><subfield code="b">New York</subfield><subfield code="c">Wayne</subfield><subfield code="d">Lyons.</subfield></datafield><datafield ind1="0" ind2="0" tag="780"><subfield code="t">Palmyra Whig</subfield><subfield code="w">(DLC)  2016258092</subfield><subfield code="w">(OCoLC)959837570</subfield></datafield><datafield ind1="0" ind2="0" tag="785"><subfield code="t">Lyons weekly Republican</subfield><subfield code="w">(DLC)sn 88074786</subfield><subfield code="w">(OCoLC)18566128</subfield></datafield><datafield ind1="1" ind2=" " tag="029"><subfield code="a">AU@</subfield><subfield code="b">000020277121</subfield></datafield></record>